@book{cisco_top-down,
  author    = {Priscilla Oppenheimer},
  title     = {Top-Down Network Design},
  publisher = {Cisco Press},
  year      = {2022},
  isbn      = {978-1-58720-283-4},
}

@book{cybercreativa,
  author    = {Claudio Dabbicco},
  title     = {CyberSecurity Creativa},
  publisher = {Amazon Italia},
  year      = {2022},
}

@book{reti,
  author    = {Larry Peterson, Bruce Davie},
  title     = {Reti di Calcolatori},
  publisher = {Apogeo srl},
  year      = {2012},
}

@book{netvul,
  author    = {Sagar Rahalkar},
  title     = {Network Vulnerability Assessment},
  publisher = {Packt Publishing Ltd.},
  year      = {2018},
}

@book{defsec,
  author    = {Lee Brotherstone e Amanda Berlin},
  title     = {Defensive Security Handbook},
  publisher = {O'Reilly Media Inc.},
  year      = {2017},
}

@article{lastpass,
  author    = {Karim Toubba},
  journal   = {blog.lastpass.com},
  title     = {Notice of Recent Security Incident},
  year      = {2022},
}

@article{27001,
  author    = {European Union Agency for CyberSecurity},
  journal   = {www.enisa.europa.eu},
  title     = {ISO/IEC Standard 27001},
  year      = {2005},
}

@article{gdpr,
  author    = {Commissione Europea},
  journal   = {Gazzetta ufficiale dell'Unione Europea},
  title     = {REGOLAMENTO GENERALE 
SULLA PROTEZIONE DEI DATI},
  year      = {2016},
}


@article{nhs,
  author    = {Roger Collier},
  journal   = {CMAJ},
  title     = {NHS ransomware attack spreads worldwide},
  year      = {2017},
}

@article{ibm,
  author    = {IBM Security},
  journal   = {www.ibm.com},
  title     = {Cost of a Data Breach Report 2023},
  year      = {2023},
}

@article{zerotrust,
  author    = {Davide Agnello e Martina Rossi},
  journal   = {www.agendadigitale.eu},
  title     = {Il modello Zero Trust per la cybersicurezza: caratteristiche e impieghi pratici in azienda},
  year      = {2022},
}

@article{bugs,
  author    = {Jim Bird},
  journal   = {www.sans.org},
  title     = {Dealing with security vulnerabilities ... er... bugs},
  year      = {2011},
}

@article{scanning,
  author    = {Ken Houghton},
  journal   = {www.sans.org},
  title     = {Vulnerabilities and
Vulnerability Scanning},
  year      = {2003},
}

@article{remediation,
  author    = {Susan Cima},
  journal   = {www.sans.org},
  title     = {Vulnerability Assessment},
  year      = {2001},
}

@article{design,
  author    = {NSA | FBI | ACSC | NCSC-UK | CCCS | BSI | NCSC-NL | CERT NZ | NCSC-NZ},
  journal   = {Cybersecurity and Infrastructure Security Agency},
  title     = {Shifting the Balance of Cybersecurity Risk: 
Principles and Approaches for Security-by-Design and - Default},
  year      = {2023},
}

@article{backup,
  author    = {Commissione Europea},
  journal   = {Gazzetta ufficiale dell'Unione Europea},
  title     = {Articolo 32 GDPR. Sicurezza del trattamento},
  year      = {2016},
}

@article{veeam,
  author    = {Jason Buffington e Dave Russell},
  journal   = {Veeam Blog},
  title     = {Announcing the Ransomware Trends Report for 2023},
  year      = {2023},
}
